@string{SP="IEEE Security and Privacy Magazine"}
@string{CODASPY="ACM Conference on Data and Application Security and Privacy"}
@string{ATC="Usenix Annual Technical Conference"}
@string{CSUR="ACM Computing Surveys"}
@string{RTSS="Real-Time Systems Symposium"}
@string{arXiv="arXiv Technical Report"}
@string{LangSec="Language-theoretic Security IEEE Security and Privacy Workshop"}
@string{CCS="ACM Conference on Computer and Communication Security"}
@string{IOTSP="Workshop on the Internet of Things Security and Privacy"}
@string{NDSS="Network and Distributed System Security Symposium"}
@string{ISPASS="International Symposium on Performance Analysis of Systems and Software"}
@string{CCC="Chaos Communication Congress"}
@string{NSPW="New Security Paradigms Workshop"}
@string{BHEU="BlackHat Europe"}
@string{TR="Technical Report"}
@string{PLDI="ACM International Conference on Programming Language Design and Implementation"}
@string{EuroSP="IEEE European Symposium on Security and Privacy"}
@string{SS3P="Open Textbook"}
@string{DIMVA="Conference on Detection of Intrusions and Malware and Vulnerability Assessment"}
@string{ISMM="ACM SIGPLAN International Symposium on Memory Management"}
@string{ESSoS="Int'l. Symp. on Eng. Secure Software and Systems"}
@string{SEC="Usenix Security Symposium"}
@string{IMC="ACM Internet Measurement Conference"}
@string{TSE="IEEE Transactions on Software Engineering"}
@string{CC="International Conference on Compiler Construction"}
@string{STM="International Workshop on Security and Trust Management"}
@string{ArmsRace="The Continuing Arms Race"}
@string{TRB="Transportation Research Board"}
@string{FEAST="Forming an Ecosystem Around Software Transformation"}
@string{DSN="IEEE/IFIP International Conference on Dependable Systems and Networks"}
@string{SyScan360="Symposium on Security for Asia Network + 360"}
@string{BalCCon="Balkan Computer Congress"}
@string{DSAL="AOSD workshop on Domain-Specific Aspect Languages"}
@string{ESORICS="European Symposium on Research in Computer Security"}
@string{WOOT="Usenix Workshop on Offensive Technologies"}
@string{TIFS="IEEE Transactions on Information Forensics and Security"}
@string{HotSWUp="Usenix Workshop on Hot Topics in Software Upgrades"}
@string{AsiaCCS="ACM Symp. on InformAtion, Computer and Communications Security"}
@string{AMAS-BT="Workshop on Architectural and Microarchitectural Support for Binary Translation"}
@string{PPREW="Program Protection and Reverse Engineering Workshop"}
@string{SYSTOR="ACM International Systems and Storage Conference"}
@string{VEE="ACM International Conference on Virtual Execution Environments"}
@string{OSDI="Usenix Symposium on Operating Systems Design and Implementation"}
@string{Oakland="IEEE International Symposium on Security and Privacy"}
@string{PST="IEEE Conference on Privacy, Security, and Trust"}

@misc{buchman2018latest,
    title={The latest gossip on BFT consensus},
    author={Ethan Buchman and Jae Kwon and Zarko Milosevic},
    year={2018},
    eprint={1807.04938},
    archivePrefix={arXiv},
    primaryClass={cs.DC}
}

@misc{tendermint-doc,
   author={Tendermint},
   title={Tendermint documentation},
   url={https://docs.tendermint.com/master/}
}

@misc{wiki:bft,
   author={Wikipedia},
   title={Byzantine fault},
   url={https://en.wikipedia.org/wiki/Byzantine_fault}
}
 
@misc{wiki:fork,
   author={Wikipedia},
   title={Fork (blockchain)},
   url={https://en.wikipedia.org/wiki/Fork_(blockchain)}
}

@misc{tendermint-schema,
   author={Interchain Foundation},
   title={Tendermint schema},
   url={https://blog.cosmos.network/consensus-compare-casper-vs-tendermint-6df154ad56ae}
}

@misc{tendermint-overview,
   author={Cosmos Network},
   title={Tendermint overview},
   url={https://cosmos.network/resources/whitepaper}
}

@misc{fork-accountability-specs,
   author={Tendermint},
   title={Fork accountability specifications},
   url={https://docs.google.com/document/d/11ZhMsCj3y7zIZz4udO9l25xqb0kl7gmWqNpGVRzOeyY/edit}
}

@misc{fork-accountability-overview,
   author={Tendermint},
   title={Fork accountability overview},
   url={https://github.com/tendermint/spec/blob/master/spec/consensus/light-client/accountability.md}
}

@misc{amnesia-attack,
   author={Tendermint},
   title={Amnesia attack},
   url={https://github.com/tendermint/tendermint/blob/master/docs/architecture/adr-056-proving-amnesia-attacks.md}
}

@misc{fork-scenarios,
   author={Cosmos Network},
   title={Fork scenarios},
   url={https://www.youtube.com/watch?v=Jph-4PGtdPo}
}

@misc{github-project,
   author={Andrea Piccione},
   title={Fork Accountability},
   url={https://github.com/mikanikos/Fork-Accountability}
}

@misc{wiki:rss,
   author={Wikipedia},
   title={Resident set size},
   url={https://en.wikipedia.org/wiki/Resident_set_size}
}

@misc{failure-detection,
   author={Tendermint},
   title={Fork detection},
   url={https://github.com/tendermint/spec/blob/cbe20a644a6c37ec51ca217333e434fc04df8d66/spec/consensus/light-client/detection.md}
}